@article{Pafumi2025Scarlet,
  author = {Pafumi, Davide and Onuh, Frank and Khalid, AKM Iftekhar and Pearce, Morgan and Bordalejo, Barbara and O'Donnell, Daniel Paul},
  title = {Scarlet Cloak and the Forest Adventure: A preliminary study of the impact of AI on commonly used writing tools},
  year = {2025},
  volume = {22},
  number = {6},
  note = {Refereed. Student authors: Pafumi, Davide; Onuh, Frank; Khalid, AKM Iftekhar; Pearce, Morgan.},
  journal = {International Journal of Educational Technology in Higher Education},
  doi = {10.1186/s41239-025-00505-5},
  url = {https://doi.org/10.1186/s41239-025-00505-5}
}

@incollection{ODonnell2021I,
  author = {O'Donnell, Daniel Paul},
  title = {’I heard he sang a good song’: Caedmon’s inspiration and medieval dream theory},
  year = {2021},
  note = {Invited.},
  booktitle = {Sogni, visioni e profezie nella letteratura germanica medievale},
  editor = {Roberto Rosselli Del Turco},
  pages = {147--172},
  publisher = {Edizioni del l’Orso},
  address = {Allessandria},
  series = {Bibliotheca Germanica. Studi e testi 48}
}

@article{Bliss2020Credit,
  author = {Bliss, Heather and Genee, Inge and Junker, Marie-Odile and O'Donnell, Daniel Paul},
  title = {‘Credit Where Credit Is Due’: Authorship and Attribution in Algonquian Language Digital Resources},
  year = {2020},
  note = {Refereed. Author order: Alphabetical.},
  journal = {IDEAH},
  volume = {1},
  number = {1},
  doi = {10.21428/f1f23564.3d64b2ed},
  url = {https://doi.org/10.21428/f1f23564.3d64b2ed}
}

@incollection{ODonnell2020Critical,
  author = {O'Donnell, Daniel Paul},
  title = {Critical Mass: The Listserv and the Early Online Community as a Case Study in the Unanticipated Consequences of Innovation in Scholarly Communication},
  year = {2020},
  note = {Refereed.},
  booktitle = {Digital Technology and the Practices of Humanities Research},
  editor = {Jennifer Edmond},
  pages = {184--206},
  publisher = {Open Book Publishers},
  address = {Cambridge UK},
  doi = {10.5281/ZENODO.3633429},
  url = {https://doi.org/10.5281/ZENODO.3633429}
}

@incollection{ODonnell2019All,
  author = {O'Donnell, Daniel Paul},
  title = {All along the Watchtower: Intersectional diversity as a core intellectual value in the Digital Humanities},
  year = {2019},
  note = {Refereed.},
  booktitle = {Intersectionality in Digital Humanities},
  editor = {Barbara Bordalejo and Roopika Risam},
  publisher = {ARC},
  address = {Amsterdam},
  doi = {10.5281/zenodo.3580235},
  url = {https://doi.org/10.5281/zenodo.3580235}
}

@article{Esau2018Lets,
  author = {Esau, Paul and Viejou, Carey and Chow, Sylvia and Dohms, Kimberly and Firth, Steve and McKinnon, Jarret and Morrison, Dorethea and Parsons, Reed and Rieger, Courtney and Spiric, Vanja and Toth, Elaine and Ueland, Kayla and Graham, Rumi and O'Donnell, Daniel Paul},
  title = {‘Let’s Start a Journal!’: The Multidisciplinary Graduate Student Journal as Educational Opportunity},
  year = {2018},
  note = {Refereed. Corresponding author. Student authors: Esau, Paul; Viejou, Carey; Chow, Sylvia; Dohms, Kimberly; Firth, Steve; McKinnon, Jarret; Morrison, Dorethea; Parsons, Reed; Rieger, Courtney; Spiric, Vanja; Toth, Elaine; Ueland, Kayla.},
  journal = {The Journal of Electronic Publishing: JEP},
  volume = {21},
  number = {1},
  doi = {10.3998/3336451.0021.109},
  url = {https://doi.org/10.3998/3336451.0021.109}
}

@article{ODonnell2018Zombie,
  author = {O'Donnell, Daniel Paul and Viejou, Carey and Chow, Sylvia and Dohms, Kimberly and Esau, Paul and Firth, Steve and Graham, Rumi},
  title = {Zombie Journals: Designing a Technological Infrastructure for a Precarious Graduate Student Journal},
  year = {2018},
  note = {Refereed. Corresponding author. Student authors: Viejou, Carey; Chow, Sylvia; Dohms, Kimberly; Esau, Paul; Firth, Steve.},
  journal = {Scholarly and Research Communication},
  volume = {9},
  number = {2},
  doi = {10.22230/src.2018v9n2a296},
  url = {https://doi.org/10.22230/src.2018v9n2a296}
}

@article{ODonnell2018Archaeology,
  author = {O'Donnell, Daniel Paul and Callieri, Matteo and Dellepiane, Marco and Karkov, Catherine and Porter, Dot and Rosselli Del Turco, Roberto},
  title = {Archaeology in the Study: Scanning Anglo-Saxon Artifacts in the Visionary Cross Project},
  year = {2018},
  note = {Invited. Corresponding author.},
  journal = {Wiðowinde},
  pages = {21--27},
  volume = {185},
  number = {Spring},
  doi = {10.5281/zenodo.1208167},
  url = {https://doi.org/10.5281/zenodo.1208167}
}

@article{Tennant2017MultiDisciplinary,
  author = {Tennant, Jonathan P. and Dugan, Jonathan M. and Graziotin, Daniel Jacques Damien and Waldner, François and Mietchen, Daniel and Elkhatib, Yehia and Collister, Lauren B. and et al.},
  title = {A Multi-Disciplinary Perspective on Emergent and Future Innovations in Peer Review},
  year = {2017},
  note = {Refereed. Author order: Based on date of first edit.},
  journal = {F1000Research},
  volume = {6},
  number = {1151},
  doi = {10.12688/f1000research.12037.2},
  url = {https://doi.org/10.12688/f1000research.12037.2}
}

@article{Moore2017Excellence,
  author = {Moore, Samuel and Neylon, Cameron and Eve, Martin Paul and O'Donnell, Daniel Paul and Pattinson, Damian},
  title = {‘Excellence R Us’: University Research and the Fetishisation of Excellence},
  year = {2017},
  note = {Refereed. Student authors: Moore, Samuel. Author order: Random.},
  journal = {Palgrave Communications},
  publisher = {Nature Publishing Group},
  volume = {3},
  number = {January},
  doi = {10.1057/palcomms.2016.105},
  url = {https://doi.org/10.1057/palcomms.2016.105}
}

@incollection{ODonnell2016Bird,
  author = {O'Donnell, Daniel Paul},
  title = {The Bird in Hand: Humanities Research in the Age of Open Data},
  year = {2016},
  note = {Invited.},
  booktitle = {The State of Open Data: A Selection of Analyses and Articles about Open Data},
  editor = {Figshare},
  pages = {34--35},
  publisher = {Digital Science},
  address = {London},
  doi = {10.5281/zenodo.1470821},
  url = {https://doi.org/10.5281/zenodo.1470821}
}

@article{ODonnell2016Third,
  author = {O'Donnell, Daniel Paul and Bay, Jessica and Dering, Emma and Gal, Matt and Grandfield, Virgil and Hobma, Heather and Singh, Gurpreet},
  title = {The Third Academic Freedom},
  year = {2016},
  note = {Refereed. Corresponding author. Student authors: Bay, Jessica; Dering, Emma; Gal, Matt; Grandfield, Virgil; Hobma, Heather; Singh, Gurpreet.},
  journal = {Light on Teaching},
  pages = {4--9},
  publisher = {Teaching Centre},
  address = {Lethbridge},
  doi = {10.5281/zenodo.3596098},
  url = {https://doi.org/10.5281/zenodo.3596098}
}

@article{Hobma2016Modern,
  author = {Hobma, Heather and O'Donnell, Daniel Paul and Karkov, Catherine and Foster, Sally and Graham, James and Osborn, Wendy and Rosselli Del Turco, Roberto and Broatch, Robert and Broatch, Susan and Callieri, Marco and Dellepiane, Matteo},
  title = {Modern impact on the fabric of the Ruthwell Cross},
  year = {2016},
  note = {Refereed. Corresponding author. Student authors: Hobma, Heather.},
  journal = {OEN},
  volume = {46},
  number = {1},
  url = {http://www.oenewsletter.org/OEN/issue/ruthwell.php}
}

@article{Champieux2016Finding,
  author = {Champieux, Robin and Kramer, Bianca and Bosman, Jeroen and Bruno, Ian and buckland, amy and Callaghan, Sarah and Chapman, Chris and Hagstrom, Stephanie and Martone, MaryAnn E. and O'Donnell, Daniel Paul},
  title = {Finding the Principles of the Commons: A Report of the Force11 Scholarly Communications Working Group},
  year = {2016},
  note = {Refereed.},
  journal = {Collaborative Librarianship},
  volume = {8},
  number = {2},
  url = {http://digitalcommons.du.edu/collaborativelibrarianship/vol8/iss2/5}
}

@article{Kramer2016Defining,
  author = {Kramer, Bianca and Bosman, Jeroen and Ignac, Marcin and Kral, Christina and Kalleinen, Tellervo and Koskinen, Pekko and Bruno, Ian and Buckland, Amy and Callaghan, Sarah and Champieux, Robin and Chapman, Chris and Hagstrom, Stephanie and Martone, MaryAnn and Murphy, Fiona and O'Donnell, Daniel Paul},
  title = {Defining the Scholarly Commons - Reimagining Research Communication. Report of Force11 SCWG Workshop, Madrid, Spain, February 25-27, 2016},
  year = {2016},
  note = {Refereed.},
  journal = {Research Ideas and Outcomes},
  pages = {e9340},
  volume = {2},
  number = {May},
  doi = {10.3897/rio.2.e9340},
  url = {https://doi.org/10.3897/rio.2.e9340}
}

@incollection{ODonnell2015Only,
  author = {O'Donnell, Daniel Paul and Gil, Alex and Walters, Katherine and Fraistat, Neil},
  title = {Only Connect: The Globalization of the Digital Humanities},
  year = {2015},
  note = {Refereed. Corresponding author.},
  booktitle = {A new companion to Digital Humanities},
  editor = {Susan Schreibman and Ray Siemens and John Unsworth},
  pages = {493--510},
  publisher = {Wiley},
  doi = {10.1002/9781118680605.ch34},
  url = {https://doi.org/10.1002/9781118680605.ch34}
}

@article{ODonnell2015Aligning,
  author = {O'Donnell, Daniel Paul and Hobma, Heather and Cowan, Sandra and Ayers, Gillian and Bay, Jessica and Swanepoel, Marinus and Merkley, Wendy and Devine, Kelaine and Dering, Emma and Genee, Inge},
  title = {Aligning Open Access Publication with the Research and Teaching Missions of the Public University: The Case of the Lethbridge Journal Incubator (If 'if's and 'and's were pots and pans)},
  year = {2015},
  note = {Refereed. Corresponding author. Student authors: Hobma, Heather; Ayers, Gillian; Bay, Jessica; Devine, Kelaine; Dering, Emma.},
  journal = {Journal of Electronic Publishing},
  volume = {18},
  number = {3},
  doi = {10.3998/3336451.0018.309},
  url = {https://doi.org/10.3998/3336451.0018.309}
}

@article{Leoni2015Dream,
  author = {Leoni, Chiara and Callieri, Marco and Dellepiane, Matteo and O'Donnell, Daniel Paul and Rosselli Del Turco, Roberto and Scopigno, Roberto},
  title = {The Dream and the Cross: a 3D scanning project to bring 3D content in a digital edition},
  year = {2015},
  note = {Refereed. Student authors: Leoni, Chiara.},
  journal = {Journal on Computing and Cultural Heritage},
  doi = {10.1145/2686873},
  url = {https://doi.org/10.1145/2686873}
}

@article{ODonnell2013I,
  author = {O'Donnell, Daniel Paul},
  title = {'I certainly have subjects in my mind': The Diary of Anne Frank as Bildungsroman},
  year = {2013},
  note = {Refereed.},
  journal = {Canadian Journal of Netherlandic Studies},
  pages = {49--88},
  volume = {32},
  doi = {10.5281/zenodo.3596110},
  url = {https://doi.org/10.5281/zenodo.3596110}
}

@article{ODonnell2012Move,
  author = {O'Donnell, Daniel Paul},
  title = {Move Over: Learning to Read (and Write) with Novel Technology},
  year = {2012},
  note = {Refereed.},
  journal = {Scholarly and Research Communication},
  volume = {3},
  number = {4},
  doi = {10.22230/src.2012v3n4a68},
  url = {https://doi.org/10.22230/src.2012v3n4a68}
}

@article{ODonnell2010Different,
  author = {O'Donnell, Daniel Paul},
  title = {Different Strokes, Same Folk: Designing the Multi-form Digital Edition},
  year = {2010},
  note = {Refereed.},
  journal = {Literature Compass},
  volume = {7},
  number = {2},
  doi = {10.1111/j.1741-4113.2009.00683.x},
  url = {https://doi.org/10.1111/j.1741-4113.2009.00683.x}
}

@article{ODonnell2009Byte,
  author = {O'Donnell, Daniel Paul},
  title = {Byte me: Technological Education and the Humanities},
  year = {2009},
  note = {Invited.},
  journal = {Heroic Age},
  volume = {12},
  url = {http://www.mun.ca/mst/heroicage/issues/12/em.php}
}

@article{ODonnell2009Back,
  author = {O'Donnell, Daniel Paul},
  title = {Back to the future: What digital editors can learn from print editorial practice},
  year = {2009},
  note = {Refereed.},
  journal = {Literary and Linguistic Computing},
  pages = {113--125},
  volume = {24},
  doi = {10.1093/llc/fqn039},
  url = {https://doi.org/10.1093/llc/fqn039}
}

@incollection{Lee2009From,
  author = {Lee, Stuart and O'Donnell, Daniel Paul},
  title = {From Manuscript to Computer},
  year = {2009},
  note = {Refereed.},
  booktitle = {Working with Anglo-Saxon Manuscripts},
  editor = {Gale R. Owen-Crocker},
  pages = {253--284},
  publisher = {Exeter UP},
  address = {Exeter}
}

@article{ODonnell2008Resisting,
  author = {O'Donnell, Daniel Paul},
  title = {Resisting The Tyranny of the Screen, or, Must a Digital Edition be Electronic?},
  year = {2008},
  note = {Invited.},
  journal = {Heroic Age},
  volume = {11},
  url = {http://www.heroicage.org/issues/11/em.php}
}

@article{Bodard2008We,
  author = {Bodard, Gabriel and O'Donnell, Daniel Paul},
  title = {We are all together: On publishing a Digital Classicist issue of the Digital Medievalist journal},
  year = {2008},
  note = {Invited. Corresponding author.},
  journal = {Digital Medievalist},
  volume = {4},
  doi = {10.16995/dm.18},
  url = {https://doi.org/10.16995/dm.18}
}

@incollection{ODonnell2007Disciplinary,
  author = {O'Donnell, Daniel Paul},
  title = {Disciplinary impact and technological obsolescence in digital medieval studies},
  year = {2007},
  note = {Refereed.},
  booktitle = {A Companion to Digital Literary Studies},
  editor = {Ray Siemens and Susan Schreibman},
  publisher = {Blackwell},
  address = {Cambridge},
  doi = {10.1002/9781405177504.ch3},
  url = {https://doi.org/10.1002/9781405177504.ch3}
}

@incollection{ODonnell2007Material,
  author = {O'Donnell, Daniel Paul},
  title = {Material differences: The place of Cædmon's Hymn in the history of Anglo-Saxon vernacular poetry},
  year = {2007},
  note = {Refereed.},
  booktitle = {Cædmon's Hymn and material culture in the world of Bede},
  editor = {Allen J. Frantzen and John Hines},
  pages = {15--50},
  publisher = {West Virginia University Press},
  address = {Morgantown VA}
}

@article{ODonnell2007If,
  author = {O'Donnell, Daniel Paul},
  title = {If I were "You": How academics can stop worrying and learn to love "the encyclopedia that anyone can edit."},
  year = {2007},
  note = {Invited.},
  journal = {Heroic Age},
  volume = {10},
  url = {http://www.heroicage.org/issues/10/em.html}
}

@article{ODonnell2005Ghost,
  author = {O'Donnell, Daniel Paul},
  title = {The Ghost in the Machine: Revisiting an Old Model for the Dynamic Generation of Digital Editions},
  year = {2005},
  note = {Invited.},
  journal = {HumanIT},
  pages = {51--71},
  volume = {8},
  number = {1},
  doi = {10.5281/zenodo.3596125},
  url = {https://doi.org/10.5281/zenodo.3596125}
}

@article{ODonnell2005O,
  author = {O'Donnell, Daniel Paul},
  title = {O Captain! My Captain! Using technology to guide readers through an electronic edition},
  year = {2005},
  note = {Invited.},
  journal = {Heroic Age},
  volume = {8},
  url = {http://www.heroicage.org/issues/8/em.html}
}

@article{ODonnell2004Digital,
  author = {O'Donnell, Daniel Paul},
  title = {The Digital Medievalist Project},
  year = {2004},
  note = {Invited.},
  journal = {Old English Newsletter},
  pages = {19--21},
  volume = {37}
}

@article{ODonnell2004Bedes,
  author = {O'Donnell, Daniel Paul},
  title = {Bede’s Strategy in Paraphrasing Cædmon’s Hymn},
  year = {2004},
  note = {Refereed.},
  journal = {JEGP},
  pages = {417--433},
  volume = {103}
}

@article{ODonnell2004Doomsday,
  author = {O'Donnell, Daniel Paul},
  title = {The Doomsday Machine, or, 'If you build it, will they still come ten years from now?': What Medievalists working in digital media can do to ensure the longevity of their research},
  year = {2004},
  note = {Invited.},
  journal = {Heroic Age},
  volume = {7},
  url = {http://www.heroicage.org/issues/7/ecolumn.html}
}

@article{ODonnell2004Numeric,
  author = {O'Donnell, Daniel Paul},
  title = {Numeric and Geometric Patterning in Cædmon’s Hymn},
  year = {2004},
  note = {Refereed.},
  journal = {ANQ},
  pages = {3--12},
  volume = {17}
}

@article{ODonnell2003Pioneers,
  author = {O'Donnell, Daniel Paul},
  title = {‘Pioneers! O Pioneers!’: Some Electronic Editing Do’s and Don’ts from Stijn Streuvels’s De teleurgang van den Waterhoek},
  year = {2003},
  note = {Refereed.},
  journal = {Literary and Linguistic Computing}
}

@article{ODonnell2002Juniuss,
  author = {O'Donnell, Daniel Paul},
  title = {Junius’s Knowledge of the Old English Poem Durham},
  year = {2002},
  note = {Refereed.},
  journal = {Anglo-Saxon England},
  pages = {231--245},
  volume = {30}
}

@article{ODonnell2002Accuracy,
  author = {O'Donnell, Daniel Paul},
  title = {The Accuracy of the St. Petersburg Bede},
  year = {2002},
  note = {Refereed.},
  journal = {Notes and Queries},
  pages = {4--6},
  volume = {247}
}

@incollection{ODonnell2001Fish,
  author = {O'Donnell, Daniel Paul},
  title = {Fish and Fowl: Generic Expectations and the Relationship between the Old English Phoenix poem and Lactantius’s de ave phoenice},
  year = {2001},
  note = {Refereed.},
  booktitle = {Germanic Texts and Latin Models: Medieval Reconstructions},
  editor = {K.E. Olsen and A. Harbus and T. Hofstra},
  pages = {157--171},
  publisher = {Peeters},
  address = {Leuven, Paris and Sterling, VA},
  series = {Germania Latina IV. Mediaevalia Groningana, n.s. 2}
}

@article{ODonnell1999Hædre,
  author = {O'Donnell, Daniel Paul},
  title = {Hædre and Hædre Gehogode (Solomon and Saturn line 62b and Resignation line 63a)},
  year = {1999},
  note = {Refereed.},
  journal = {Notes and Queries},
  pages = {312--316},
  volume = {244}
}

@article{ODonnell1998Spirit,
  author = {O'Donnell, Daniel Paul},
  title = {The Spirit and the Letter: Literary Embellishment in Old Frisian Legal Texts},
  year = {1998},
  note = {Refereed.},
  journal = {Amsterdamer Beiträge zur älteren Germanistik},
  pages = {245--256},
  volume = {49}
}

@incollection{ODonnell1996Northumbrian,
  author = {O'Donnell, Daniel Paul},
  title = {A Northumbrian Version of ‘Cædmon’s Hymn’ (eordu-recension) in Brussels Bibliothèque Royale Manuscript 8245-57 ff.62r2-v1: Identification, Edition, and Filiation},
  year = {1996},
  note = {Refereed.},
  booktitle = {Beda Venerabilis: Historian, Monk and Northumbrian},
  editor = {L.A.R.J. Houwen and A.A. MacDonald},
  pages = {139--166},
  publisher = {Egbert Forsten},
  address = {Groningen}
}

@article{ODonnell1995Schoolbook,
  author = {O'Donnell, Daniel Paul},
  title = {Schoolbook Design in the Fifteenth Century},
  year = {1995},
  note = {Refereed.},
  journal = {The Yale University Library Gazette},
  pages = {23--38},
  volume = {70}
}

@article{ODonnell1991Collective,
  author = {O'Donnell, Daniel Paul},
  title = {The Collective Sense of Concrete Singular Nouns in Beowulf: Emendations of Sense},
  year = {1991},
  note = {Refereed.},
  journal = {Neuphilologische Mitteilungen},
  pages = {433--440},
  volume = {92}
}
