@book{ODonnellUnderSubmissionGlamourBoys,
  author    = {O'Donnell, Daniel Paul},
  title     = {Glamour Boys: A novel},
  note      = {Manuscript under submission.},
  year      = {forthcoming},
  status    = {manuscript under review}
}

@book{BordalejoInPrepUnessayDisciplines,
  editor    = {Bordalejo, Barbara and Cordell, Ryan and O'Donnell, Daniel Paul},
  title     = {The Unessay across Disciplines: Practical Advice from Instructors in the Humanities, Social Sciences, and STEM},
  note      = {In preparation. Proposal under consideration at University of Toronto Press.},
  year      = {in preparation},
  status    = {in proposal}
}

@book{ODonnellInPrepLettingGo,
  author    = {O'Donnell, Daniel Paul},
  title     = {Letting go: The Unessay and other excursions in trusting students},
  note      = {In preparation. First draft completed.},
  year      = {in preparation},
  status    = {first draft completed}
}


