@book{Eve2020bReading,
  author = {Eve, Martin Paul and Neylon, Cameron and O'Donnell, Daniel Paul and Moore, Samuel and Gadie, Robert and Odeniyi, Victoria and Parvin, Shahina},
  title = {Reading Peer Review: PLOS ONE and Institutional Change in Academia},
  year = {2020},
  note = {Refereed. Student authors: Gadie, Robert; Odeniyi, Victoria; Parvin, Shahina. Discussed in: Martin Paul Eve et al., 'Reading Peer Review: PLOS One and...', New Books Network (Podcast), 1 June 2021. Reviews and commentary in blog posts and professional venues noted on the project site. Student authors: Gadie, Robert; Odeniyi, Victoria; Parvin, Shahina..},
  edition = {1st},
  publisher = {Cambridge University Press},
  doi = {10.1017/9781108783521},
  url = {https://doi.org/10.1017/9781108783521}
}

@misc{ODonnell2018CaedmonOnline,
  author = {O'Donnell, Daniel Paul},
  title = {Cædmon’s Hymn (Online Reprint)},
  year = {2018},
  howpublished = {Online at https://caedmon.seenet.org/},
  note = {Digital reprint of 2005 edition. Codebase DOI: 10.5281/zenodo.1198856.},
  url = {https://caedmon.seenet.org/},
  doi = {10.5281/zenodo.1198856}
}

@book{ODonnell2005bCædmons,
  author = {O'Donnell, Daniel Paul},
  title = {Cædmon’s Hymn: A Multimedia Study, Edition and Archive},
  year = {2005},
  note = {Refereed. Includes CD-ROM. Reprinted online 2018 at https://caedmon.seenet.org/. Codebase DOI: 10.5281/zenodo.1198856. Honourable Mention: 2007 MLA Prize for a Distinguished Scholarly Edition (2005–2006). Reviews: e-data&research 1 (2006); Medium Aevum 75 (2006): 356–357; Old English Newsletter 40.1 (2006); Speculum 82 (2007): 223–224; The Journal of Ecclesiastical History 58 (2007): 120–121; Early Medieval Europe 15 (2007): 466–469; Textual Cultures 2 (2007): 139–42; JEGP 107.2 (2008): 248–251; Digital Medievalist 5 (2009). Discussed in: Katherine O'Brien O'Keeffe, “The Architecture of Old English Editions,” in Probable Truth, ed. Gillespie and Hudson; Daniel Sondheim et al., “Scholarly Editions in Print and on the Screen,” Digital Studies..},
  publisher = {Medieval Academy of America and D.S. Brewer},
  address = {Cambridge},
  series = {SEENET A.8},
  pages = {xxii + 261},
  doi = {10.5281/zenodo.1198856},
  url = {https://doi.org/10.5281/zenodo.1198856}
}

