@article{Eve2021Reading,
  author = {Eve, Martin and O'Donnell, Daniel Paul and Neylon, Cameron and Moore, Samuel and Gadie, Robert and Odeniyi, Victoria and Parvin, Shahina},
  title = {Reading Peer Review – What a Dataset of Peer Review Reports Can Teach Us about Changing Research Culture},
  year = {2021},
  journal = {Impact of Social Sciences (blog)},
  url = {https://blogs.lse.ac.uk/impactofsocialsciences/2021/03/31/reading-peer-review-what-a-dataset-of-peer-review-reports-can-teach-us-about-changing-research-culture/}
}

@article{Bosman2017Scholarly,
  author = {Bosman, Jeroen and Bruno, Ian and Chapman, Chris and Greshake Tzovaras, Bastian and Jacobs, Nate and Kramer, Bianca and Martone, Maryann and Murphy, Fiona and O'Donnell, Daniel Paul and Bar-Sinai, Michael and Hagestrom, Stephanie and Utley, Josh and Veksler, Lusia},
  title = {The Scholarly Commons - Principles and Practices to Guide Research Communication},
  year = {2017},
  note = {Author order: Alphabetical.},
  journal = {OSF Preprints},
  doi = {10.17605/OSF.IO/6C2XT},
  url = {https://doi.org/10.17605/OSF.IO/6C2XT}
}

@article{Moore2016Excellence,
  author = {Moore, Samuel and Neylon, Cameron and Eve, Martin Paul and O'Donnell, Daniel Paul and Pattinson, Damian},
  title = {Excellence R Us: University Research and the Fetishisation of Excellence},
  year = {2016},
  note = {Student authors: Moore, Samuel. Discussed in: Joe Carmichael, 'Science Has an Excellence Problem', Inverse (2016); David Matthews, 'Focus on Research “excellence” Is “damaging Science”', Times Higher Education (2016).},
  journal = {figshare (preprint)},
  doi = {10.6084/m9.figshare.3413821.v1},
  url = {https://doi.org/10.6084/m9.figshare.3413821.v1}
}

@article{ODonnell2016Synchronic,
  author = {O'Donnell, Daniel},
  title = {Synchronic Similarity in Scholarly Communication May Mask Diachronically Distinct Goals and Histories},
  year = {2016},
  journal = {Journal of Brief Ideas},
  doi = {10.5281/zenodo.53748},
  url = {https://doi.org/10.5281/zenodo.53748}
}

@article{ODonnell2016First,
  author = {O'Donnell, Daniel},
  title = {A First Law of Humanities Computing},
  year = {2016},
  journal = {Journal of Brief Ideas},
  doi = {10.5281/zenodo.47473},
  url = {https://doi.org/10.5281/zenodo.47473}
}

@article{ODonnell2014Credit,
  author = {O'Donnell, Daniel Paul},
  title = {The Credit Line},
  year = {2014},
  note = {Refereed. Invited.},
  journal = {Digital Humanities Now, Editors’ Choice},
  url = {http://digitalhumanitiesnow.org/2014/07/editors-choice-the-credit-line/}
}

@article{ODonnell2012Theres,
  author = {O'Donnell, Daniel Paul},
  title = {‘There’s No Next about It’: Stanley Fish, William Pannapacker, and the Digital Humanities as Paradiscipline},
  year = {2012},
  note = {Refereed. Invited.},
  journal = {Digital Humanities Now, Editors’ Choice},
  url = {http://digitalhumanitiesnow.org/2012/09/editors-choice-theres-no-next-about-it-stanley-fish-william-pannapacker-and-the-digital-humanities-as-paradiscipline-dpod-blog/}
}

@article{Earl1990BiCoastal,
  author = {Earl, Jim and Conner, Pat and Jolly, Karen and Higley, Sarah and Keefer, Sarah and Hieatt, Connie and O'Donnell, Dan and et al.},
  title = {Bi-Coastal Beowulfians of the ’90s: A Curious ANSAXNET Conversation [Excerpted from ANSAXNET, December 1990–February 1991]},
  year = {1990},
  note = {Refereed. Author order by contribution.},
  journal = {Old English Newsletter},
  pages = {36--39},
  volume = {24},
  number = {1},
  url = {http://www.oenewsletter.org/OEN/archive/OEN24_1.pdf}
}
